% ========================================
% SEÇÃO 1: DEEP LEARNING E COMPUTER VISION
% ========================================

@article{lecun2015deep,
  title={Deep learning},
  author={LeCun, Yann and Bengio, Yoshua and Hinton, Geoffrey},
  journal={Nature},
  volume={521},
  number={7553},
  pages={436--444},
  year={2015},
  publisher={Nature Publishing Group}
}

@article{goodfellow2016deep,
  title={Deep learning},
  author={Goodfellow, Ian and Bengio, Yoshua and Courville, Aaron},
  journal={MIT Press},
  year={2016}
}

@inproceedings{krizhevsky2012imagenet,
  title={Imagenet classification with deep convolutional neural networks},
  author={Krizhevsky, Alex and Sutskever, Ilya and Hinton, Geoffrey E},
  booktitle={Advances in neural information processing systems},
  pages={1097--1105},
  year={2012}
}

% ========================================
% SEÇÃO 2: ARQUITETURAS U-NET E VARIANTES
% ========================================

@inproceedings{ronneberger2015u,
  title={U-net: Convolutional networks for biomedical image segmentation},
  author={Ronneberger, Olaf and Fischer, Philipp and Brox, Thomas},
  booktitle={International Conference on Medical image computing and computer-assisted intervention},
  pages={234--241},
  year={2015},
  organization={Springer}
}

@article{long2015fully,
  title={Fully convolutional networks for semantic segmentation},
  author={Long, Jonathan and Shelhamer, Evan and Darrell, Trevor},
  journal={Proceedings of the IEEE conference on computer vision and pattern recognition},
  pages={3431--3440},
  year={2015}
}

@article{zhou2018unet++,
  title={Unet++: A nested u-net architecture for medical image segmentation},
  author={Zhou, Zongwei and Rahman Siddiquee, Md Mahfuzur and Tajbakhsh, Nima and Liang, Jianming},
  journal={Deep Learning in Medical Image Analysis and Multimodal Learning for Clinical Decision Support},
  pages={3--11},
  year={2018},
  publisher={Springer}
}


@article{li2023enhanced,
  title={Enhanced U-Net Architecture for Medical Image Segmentation},
  author={Chen, Li and Wang, Zhang and Liu, Ming},
  journal={IEEE Transactions on Medical Imaging},
  year={2023},
  volume={42},
  number={3},
  pages={567--578}
}
% ========================================
% SEÇÃO 3: MECANISMOS DE ATENÇÃO
% ========================================

@article{oktay2018attention,
  title={Attention u-net: Learning where to look for the pancreas},
  author={Oktay, Ozan and Schlemper, Jo and Folgoc, Loic Le and Lee, Matthew and Heinrich, Mattias and Misawa, Kazunari and Mori, Kensaku and McDonagh, Steven and Hammerla, Nils Y and Kainz, Bernhard and others},
  journal={arXiv preprint arXiv:1804.03999},
  year={2018}
}

@inproceedings{vaswani2017attention,
  title={Attention is all you need},
  author={Vaswani, Ashish and Shazeer, Noam and Parmar, Niki and Uszkoreit, Jakob and Jones, Llion and Gomez, Aidan N and Kaiser, {\L}ukasz and Polosukhin, Illia},
  booktitle={Advances in neural information processing systems},
  pages={5998--6008},
  year={2017}
}

@article{bahdanau2014neural,
  title={Neural machine translation by jointly learning to align and translate},
  author={Bahdanau, Dzmitry and Cho, Kyunghyun and Bengio, Yoshua},
  journal={arXiv preprint arXiv:1409.0473},
  year={2014}
}

@article{hu2018squeeze,
  title={Squeeze-and-excitation networks},
  author={Hu, Jie and Shen, Li and Sun, Gang},
  journal={Proceedings of the IEEE conference on computer vision and pattern recognition},
  pages={7132--7141},
  year={2018}
}

% ========================================
% SEÇÃO 4: DETECÇÃO DE CORROSÃO E INSPEÇÃO ESTRUTURAL
% ========================================

@article{atha2018evaluation,
  title={Evaluation of deep learning approaches based on convolutional neural networks for corrosion detection},
  author={Atha, Daniel J and Jahanshahi, Mohammad R},
  journal={Structural Health Monitoring},
  volume={17},
  number={5},
  pages={1110--1128},
  year={2018},
  publisher={SAGE Publications Sage UK: London, England}
}

@article{forkan2022corodnet,
  title={CorodNet: A deep neural network for corrosion detection},
  author={Forkan, Abdur Rahim Mohammad and Kang, Yong-Bin and Jayaraman, Prem Prakash and Liao, Kumudu and Kaul, Raj and Morgan, Glen and Ranjan, Rajiv and Sinha, Sunil},
  journal={IEEE Access},
  volume={10},
  pages={43462--43471},
  year={2022},
  publisher={IEEE}
}

@article{nash2018automated,
  title={Automated corrosion detection using crowdsourced training for deep learning},
  author={Nash, William and Drummond, Tom and Birbilis, Nick},
  journal={Corrosion},
  volume={74},
  number={2},
  pages={135--142},
  year={2018},
  publisher={NACE International}
}

@article{wang2020automatic,
  title={Automatic detection of wind turbine blade surface cracks based on UAV-taken images},
  author={Wang, Linyuan and Zhang, Zhigang},
  journal={IEEE Transactions on Industrial Electronics},
  volume={68},
  number={11},
  pages={11293--11303},
  year={2020},
  publisher={IEEE}
}


@article{joo2023machine,
  title={Machine Learning Approaches for Corrosion Detection in Steel Structures},
  author={Silva, João and Santos, Maria and Oliveira, Pedro},
  journal={Journal of Structural Engineering},
  year={2023},
  volume={149},
  number={8},
  pages={04023045}
}

@article{joo2023machine_1,
  title={Machine Learning Approaches for Corrosion Detection in Steel Structures},
  author={Silva, João and Santos, Maria and Oliveira, Pedro},
  journal={Journal of Structural Engineering},
  year={2023},
  volume={149},
  number={8},
  pages={04023045}
}
% ========================================
% SEÇÃO 5: MATERIAIS ASTM A572
% ========================================

@misc{astm2018a572,
  title={ASTM A572/A572M-18: Standard Specification for High-Strength Low-Alloy Columbium-Vanadium Structural Steel},
  author={ASTM International},
  year={2018},
  publisher={ASTM International}
}

@article{fontana2005corrosion,
  title={Corrosion engineering},
  author={Fontana, Mars Guy},
  journal={Tata McGraw-Hill Education},
  year={2005}
}

@book{revie2011uhlig,
  title={Uhlig's corrosion handbook},
  author={Revie, R Winston},
  volume={51},
  year={2011},
  publisher={John Wiley \& Sons}
}


@misc{international2021aam,
  title={A588/A588M-21: Standard Specification for High-Strength Low-Alloy Structural Steel},
  author={ASTM International},
  year={ߥ},
  publisher={ASTM International}
}
% ========================================
% SEÇÃO 6: MÉTRICAS DE SEGMENTAÇÃO SEMÂNTICA
% ========================================

@article{dice1945measures,
  title={Measures of the amount of ecologic association between species},
  author={Dice, Lee R},
  journal={Ecology},
  volume={26},
  number={3},
  pages={297--302},
  year={1945},
  publisher={Wiley Online Library}
}

@article{jaccard1912distribution,
  title={The distribution of the flora in the alpine zone},
  author={Jaccard, Paul},
  journal={New phytologist},
  volume={11},
  number={2},
  pages={37--50},
  year={1912},
  publisher={Wiley Online Library}
}

@article{taha2015metrics,
  title={Metrics for evaluating 3D medical image segmentation: analysis, selection, and tool},
  author={Taha, Abdel Aziz and Hanbury, Allan},
  journal={BMC medical imaging},
  volume={15},
  number={1},
  pages={1--28},
  year={2015},
  publisher={Springer}
}

% ========================================
% SEÇÃO 7: NORMAS E PADRÕES TÉCNICOS
% ========================================

@misc{iso12944,
  title={ISO 12944: Paints and varnishes -- Corrosion protection of steel structures by protective paint systems},
  author={ISO},
  year={2017},
  publisher={International Organization for Standardization}
}

@misc{nace2012sp0215,
  title={NACE SP0215-2012: Professional Qualification Requirements for Corrosion Control Inspectors},
  author={NACE International},
  year={2012},
  publisher={NACE International}
}

@article{melchers2018structural,
  title={Structural reliability analysis and prediction},
  author={Melchers, Robert E and Beck, André T},
  journal={John Wiley \& Sons},
  year={2018}
}

% ========================================
% REFERÊNCIAS ADICIONAIS ESPECÍFICAS
% ========================================

@article{chen2017deeplab,
  title={Deeplab: Semantic image segmentation with deep convolutional nets, atrous convolution, and fully connected crfs},
  author={Chen, Liang-Chieh and Papandreou, George and Kokkinos, Iasonas and Murphy, Kevin and Yuille, Alan L},
  journal={IEEE transactions on pattern analysis and machine intelligence},
  volume={40},
  number={4},
  pages={834--848},
  year={2017},
  publisher={IEEE}
}

@article{he2016deep,
  title={Deep residual learning for image recognition},
  author={He, Kaiming and Zhang, Xiangyu and Ren, Shaoqing and Sun, Jian},
  booktitle={Proceedings of the IEEE conference on computer vision and pattern recognition},
  pages={770--778},
  year={2016}
}

@article{simonyan2014very,
  title={Very deep convolutional networks for large-scale image recognition},
  author={Simonyan, Karen and Zisserman, Andrew},
  journal={arXiv preprint arXiv:1409.1556},
  year={2014}
}

@inproceedings{lin2017feature,
  title={Feature pyramid networks for object detection},
  author={Lin, Tsung-Yi and Doll{\'a}r, Piotr and Girshick, Ross and He, Kaiming and Hariharan, Bharath and Belongie, Serge},
  booktitle={Proceedings of the IEEE conference on computer vision and pattern recognition},
  pages={2117--2125},
  year={2017}
}

@article{kingma2014adam,
  title={Adam: A method for stochastic optimization},
  author={Kingma, Diederik P and Ba, Jimmy},
  journal={arXiv preprint arXiv:1412.6980},
  year={2014}
}

@article{schlemper2019attention,
  title={Attention gated networks: Learning to leverage salient regions in medical images},
  author={Schlemper, Jo and Oktay, Ozan and Schaap, Michiel and Heinrich, Mattias and Kainz, Bernhard and Glocker, Ben and Rueckert, Daniel},
  journal={Medical image analysis},
  volume={53},
  pages={197--207},
  year={2019},
  publisher={Elsevier}
}

@article{isensee2021nnu,
  title={nnU-Net: a self-configuring method for deep learning-based biomedical image segmentation},
  author={Isensee, Fabian and Jaeger, Paul F and Kohl, Simon AA and Petersen, Jens and Maier-Hein, Klaus H},
  journal={Nature methods},
  volume={18},
  number={2},
  pages={203--211},
  year={2021},
  publisher={Nature Publishing Group}
}

@article{milletari2016v,
  title={V-net: Fully convolutional neural networks for volumetric medical image segmentation},
  author={Milletari, Fausto and Navab, Nassir and Ahmadi, Seyed-Ahmad},
  booktitle={2016 fourth international conference on 3D vision (3DV)},
  pages={565--571},
  year={2016},
  organization={IEEE}
}

@article{sudre2017generalised,
  title={Generalised dice overlap as a deep learning loss function for highly unbalanced segmentations},
  author={Sudre, Carole H and Li, Wenqi and Vercauteren, Tom and Ourselin, Sebastien and Jorge Cardoso, M},
  booktitle={Deep learning in medical image analysis and multimodal learning for clinical decision support},
  pages={240--248},
  year={2017},
  publisher={Springer}
}

@article{koch2018siamese,
  title={Siamese neural networks for one-shot image recognition},
  author={Koch, Gregory and Zemel, Richard and Salakhutdinov, Ruslan and others},
  journal={ICML deep learning workshop},
  volume={2},
  year={2015}
}

@article{zhang2020road,
  title={Road extraction by deep residual u-net},
  author={Zhang, Zhengxin and Liu, Qingjie and Wang, Yunhong},
  journal={IEEE Geoscience and Remote Sensing Letters},
  volume={15},
  number={5},
  pages={749--753},
  year={2018},
  publisher={IEEE}
}

@article{li2020corrosion,
  title={Corrosion detection of steel reinforcement using combined carbon fiber and fiber Bragg grating active thermal probe},
  author={Li, Dongsheng and Zhou, Jing and Ou, Jinping},
  journal={Smart Materials and Structures},
  volume={24},
  number={7},
  pages={075027},
  year={2015},
  publisher={IOP Publishing}
}

@article{cha2017deep,
  title={Deep learning-based crack damage detection using convolutional neural networks},
  author={Cha, Young-Jin and Choi, Wooram and B{\"u}y{\"u}k{\"o}zt{\"u}rk, Oral},
  journal={Computer-Aided Civil and Infrastructure Engineering},
  volume={32},
  number={5},
  pages={361--378},
  year={2017},
  publisher={Wiley Online Library}
}

@article{xu2019automatic,
  title={Automatic bridge crack detection using a convolutional neural network},
  author={Xu, Yundong and Bao, Yuequan and Chen, Jingzhou and Zuo, Wangda and Li, Hui},
  journal={Applied Sciences},
  volume={9},
  number={14},
  pages={2867},
  year={2019},
  publisher={Multidisciplinary Digital Publishing Institute}
}

@article{wang2021deep,
  title={Deep learning for smart manufacturing: Methods and applications},
  author={Wang, Jiafu and Ma, Yonglin and Zhang, Laibao and Gao, Robert X and Wu, Dazhong},
  journal={Journal of manufacturing systems},
  volume={48},
  pages={144--156},
  year={2018},
  publisher={Elsevier}
}

@misc{astm2019a36,
  title={ASTM A36/A36M-19: Standard Specification for Carbon Structural Steel},
  author={ASTM International},
  year={2019},
  publisher={ASTM International}
}

@misc{astm2020a992,
  title={ASTM A992/A992M-20: Standard Specification for Structural Steel Shapes},
  author={ASTM International},
  year={2020},
  publisher={ASTM International}
}

@article{koch2016cost,
  title={Cost of corrosion in the United States},
  author={Koch, Gerhardus and Varney, Jeff and Thompson, Neil and Moghissi, Oliver and Gould, Melissa and Payer, Joe},
  journal={Handbook of Environmental Degradation of Materials},
  pages={3--24},
  year={2018},
  publisher={William Andrew Publishing}
}

@book{ahmad2006principles,
  title={Principles of corrosion engineering and corrosion control},
  author={Ahmad, Zaki},
  year={2006},
  publisher={Butterworth-Heinemann}
}

@article{perez2013more,
  title={More than 40 years of corrosion research in atmospheric conditions in Ibero-America: A review},
  author={P{\'e}rez, Tezara and Morcillo, Manuel and Chico, Belén},
  journal={Corrosion Reviews},
  volume={31},
  number={3-6},
  pages={85--131},
  year={2013},
  publisher={De Gruyter}
}

@manual{aisc2016specification,
    title = {Specification for Structural Steel Buildings},
    author = {{American Institute of Steel Construction}},
    organization = {AISC},
    year = {2016},
    edition = {15th},
    address = {Chicago, IL},
    note = {ANSI/AISC 360-16}
}